 @misc{data, 
 title={Accidental drug related deaths 2012-2021: Connecticut Data}, 
 url={https://data.ct.gov/Health-and-Human-Services/Accidental-Drug-Related-Deaths-2012-2021/rybz-nyjw}, 
 urldate = {2023-04-26},
 journal={State of Connecticut - Open Data}, 
 author={{Office of the Chief Medical Examiner}}, 
 year={2022}, 
 month={May}
 } 

  @misc{wikiwand_2023,
  title={List of Connecticut locations by per capita income},
  url={https://www.wikiwand.com/en/List_of_Connecticut_locations_by_per_capita_income},
  journal={Wikiwand},
  publisher={Wikipedia},
  author={Wikiwand},
  year={2023}
  } 

@misc{tran_2022,
title={Why Connecticut's drug overdose crisis isn't slowing down},
url={https://overdose.trendct.org/},
journal={The Opioid Epidemic},
author={Tran, Andrew Ba},
year={2022}
}

@misc{fresques_2019, 
title={Doctors prescribe more of a drug if they receive money from a Pharma Company tied to it},
url={https://www.propublica.org/article/doctors-prescribe-more-of-a-drug-if-they-receive-money-from-a-pharma-company-tied-to-it},
journal={ProPublica},
author={Fresques, Hannah},
year={2019},
month={Dec}
}  

@misc{cbs_2020,
title={The opioid epidemic: Who is to blame?},
url={https://www.cbsnews.com/news/the-opioid-epidemic-who-is-to-blame-60-minutes-2020-06-21/},
journal={CBS News},
publisher={CBS Interactive},
author={CBS},
year={2020},
month={Jun}
}

@article{han2022intentional,
  title={Intentional drug overdose deaths in the United States},
  author={Han, Beth and Compton, Wilson M and Einstein, Emily B and Cotto, Jessica and Hobin, Jennifer A and Stein, Jack B and Volkow, Nora D},
  journal={American Journal of Psychiatry},
  volume={179},
  number={2},
  pages={163--165},
  year={2022},
  publisher={Am Psychiatric Assoc}
}

 @misc{acf2023,
 title={Connecticut's population inched up 0.9% last decade},
 url={https://www.census.gov/library/stories/state-by-state/connecticut-population-change-between-census-decade.html},
 journal={Census.gov},
 author={{America Counts Staff}},
 year={2023},
 month={Jan}} 

  @misc{fred_2023,
  title={Per capita personal income in Connecticut},
  url={https://fred.stlouisfed.org/series/CTPCPI},
  journal={FRED},
  author={FRED},
  year={2023},
  month={Mar}
  } 